<record><leader>00000cas a22000007a 4500</leader><controlfield tag="001">10033552</controlfield><controlfield tag="008">831019d18291831nyuwr ne      0    0eng d</controlfield><datafield ind1=" " ind2=" " tag="010"><subfield code="a">sn 83031898 </subfield></datafield><datafield ind1=" " ind2=" " tag="040"><subfield code="a">NPU</subfield><subfield code="b">eng</subfield><subfield code="c">NPU</subfield><subfield code="d">DLC</subfield><subfield code="d">NPX</subfield><subfield code="d">NYS</subfield><subfield code="d">CNK</subfield><subfield code="d">NYS</subfield><subfield code="d">OCL</subfield><subfield code="d">OCLCF</subfield><subfield code="d">OCLCO</subfield></datafield><datafield ind1="1" ind2=" " tag="029"><subfield code="a">AU@</subfield><subfield code="b">000020127914</subfield></datafield><datafield ind1=" " ind2=" " tag="042"><subfield code="a">msc</subfield></datafield><datafield ind1="0" ind2="0" tag="050"><subfield code="a">Newspaper 8829-X</subfield></datafield><datafield ind1="0" ind2="0" tag="245"><subfield code="a">Onondaga register &amp; Syracuse gazette.</subfield></datafield><datafield ind1="0" ind2="0" tag="246"><subfield code="a">Onondaga register and Syracuse gazette</subfield></datafield><datafield ind1=" " ind2=" " tag="260"><subfield code="a">Syracuse, Onondaga Co., N.Y. :</subfield><subfield code="b">Lewis H. Redfield,</subfield><subfield code="c">1829-</subfield></datafield><datafield ind1=" " ind2=" " tag="300"><subfield code="a">v. :</subfield><subfield code="b">ill. (chiefly advertisements) ;</subfield><subfield code="c">27-57 cm.</subfield></datafield><datafield ind1=" " ind2=" " tag="310"><subfield code="a">Weekly</subfield></datafield><datafield ind1="0" ind2=" " tag="362"><subfield code="a">Vol. 15, no. 35 (May 6, 1829)-</subfield></datafield><datafield ind1="1" ind2=" " tag="362"><subfield code="a">Ceased in 1831?</subfield></datafield><datafield ind1=" " ind2="0" tag="651"><subfield code="a">Syracuse (N.Y.)</subfield><subfield code="v">Newspapers.</subfield></datafield><datafield ind1=" " ind2="7" tag="655"><subfield code="a">Newspapers.</subfield><subfield code="2">fast</subfield><subfield code="0">(OCoLC)fst01423814</subfield></datafield><datafield ind1=" " ind2="7" tag="651"><subfield code="a">New York (State)</subfield><subfield code="z">Syracuse.</subfield><subfield code="2">fast</subfield><subfield code="0">(OCoLC)fst01205293</subfield></datafield><datafield ind1=" " ind2=" " tag="752"><subfield code="a">United States</subfield><subfield code="b">New York</subfield><subfield code="c">Onondaga</subfield><subfield code="d">Syracuse.</subfield></datafield><datafield ind1="0" ind2="4" tag="780"><subfield code="t">Onondaga register</subfield><subfield code="w">(DLC)sn 83031672</subfield><subfield code="w">(OCoLC)9953420</subfield></datafield><datafield ind1="0" ind2="4" tag="780"><subfield code="t">Syracuse gazette &amp; general advertiser</subfield><subfield code="w">(DLC)sn 86053082</subfield><subfield code="w">(OCoLC)13147539</subfield></datafield><datafield ind1="0" ind2="0" tag="785"><subfield code="t">Syracuse Argus</subfield><subfield code="w">(DLC)sn 85042882</subfield><subfield code="w">(OCoLC)12951767</subfield></datafield><datafield ind1=" " ind2=" " tag="936"><subfield code="a">Vol. 18, no. 15 (Dec. 14, 1831) LIC</subfield></datafield></record>